@misc{
    portknockingigm,
    author = "Pierre KILLY",
    title = "Le PortKnocking : Fonctionnement",
    howpublished = "Website",
    year = {2004},
    note = {\url{http://www-igm.univ-mlv.fr/~dr/XPOSE2004/killy/fonctionnement.html}}
}

@misc{
    hotpietf,
    author = "M'Raihi et al.",
    title = "HOTP: An HMAC-Based One-Time Password Algorithm",
    howpublished = "Website",
    year = {2005},
    note = {\url{http://tools.ietf.org/rfc/rfc4226.txt}}
}

@misc{
    spalinuxjournal,
    author = "Michael Rash",
    title = "Single Packet Authorization",
    howpublished = "Website",
    year = {2007},
    note = {\url{http://www.linuxjournal.com/article/9565}}
}
