@Book{Book1,
author = {Bruno Martin},
title = {Codage, cryptologie et applications},
publisher = {PPUR presses polytechniques},
year = {2004}
}

@misc{
    portknockingigm,
    author = "Pierre KILLY",
    title = "Le PortKnocking : Fonctionnement",
    howpublished = "Website",
    year = {2004},
    note = {\url{http://www-igm.univ-mlv.fr/~dr/XPOSE2004/killy/fonctionnement.html}}
}

@misc{
    pkspathesis,
    author = "Sebastien Jeanquier",
    title = "An Analysis of Port Knocking and Single Packet Authorization",
    howpublished = "Thesis",
    year = {2006},
  note={\\
        \href{http://www.securitygeneration.com/wp-content/uploads/2010/05/
			An-Analysis-of-Port-Knocking-and-Single-Packet-Authorization-Sebastien-Jeanquier.pdf}
             {\nolinkurl{http://www.securitygeneration.com/wp-content/uploads/2010/05/
			An-Analysis-of-Port-Knocking-and-Single-}
        \\
             \nolinkurl{Packet-Authorization-Sebastien-Jeanquier.pdf}
             }
       }

}

@misc{
    pkspathesis2,
    author = "Reinderd Gordon Nathan deGraaf",
    title = "Enhancing Firewalls: Conveying User and Application Identification to Network Firewalls",
    howpublished = "Thesis",
    year = {2007},
    note = {\url{http://www.ciphertext.info/papers/thesis-degraaf.pdf}}
}

@misc{
    spalinuxjournal,
    author = "Michael Rash",
    title = "Single Packet Authorization",
    howpublished = "Website",
    year = {2007},
    note = {\url{http://www.linuxjournal.com/article/9565}}
}

@misc{
    fwknop,
    author = "Michael Rash",
    title = "fwknop: Single Packet Authorization > Port Knocking",
    howpublished = "Website",
    year = {2007},
    note = {\url{http://www.cipherdyne.org/fwknop/}}
}

@misc{
    iacr,
    author = "Wang et al.",
    title = "Collisions for Hash Functions MD4, MD5, HAVAL - 128 and RIPEMD",
    howpublished = "Article",
    year = {2004},
    note = {\url{http://eprint.iacr.org/2004/199.pdf}}
}

@misc{
    otpietf,
    author = "N. Haller",
    title = "A One-Time Password System",
    howpublished = "Website",
    year = {1998},
    note = {\url{https://tools.ietf.org/html/rfc2289}}
}

@misc{
    hotpietf,
    author = "M'Raihi et al.",
    title = "HOTP: An HMAC-Based One-Time Password Algorithm",
    howpublished = "Website",
    year = {2005},
    note = {\url{http://tools.ietf.org/rfc/rfc4226.txt}}
}

@misc{
    libnetdoc,
    author = "Chad Catlett et George Foot",
    title = "Libnet documentation",
    howpublished = "Website",
    year = {1999},
    note = {\url{http://libnet.sourceforge.net/libnet.html}}
}

@misc{
    pcapdoc,
    author = "Van Jacobson et al.",
    title = "PCAP",
    howpublished = "Website",
    year = {2014},
    note = {\url{http://www.tcpdump.org/manpages/pcap.3pcap.html}}
}

@misc{
    openssldoc,
    author = "Eric Young",
    title = "OpenSSL Documents",
    howpublished = "Website",
    year = {2014},
    note = {\url{https://www.openssl.org/docs/}}
}
